@article{Gumiaux2003,
author = {Gumiaux, C and Gapais, D and Brun, J.P},
doi = {10.1016/j.tecto.2003.08.008},
file = {:home/ird/ERICK/THESIS/2.DOCUMENTS/2.PAPERS/2.SPATIAL\_STATISTICS/0.STATISTICS/2003-gumiaux-gatbf-M.pdf:pdf},
isbn = {3322323609},
issn = {00401951},
journal = {Tectonophysics},
keywords = {cleavage trajectories,directional data,geostatistics,interpolation,kriging},
month = dec,
number = {3-4},
pages = {241--259},
title = {{Geostatistics applied to best-fit interpolation of orientation data}},
url = {http://linkinghub.elsevier.com/retrieve/pii/S0040195103003937},
volume = {376},
year = {2003}
}
@article{Sun2012,
address = {Berlin, Heidelberg},
author = {Sun, Ying and Li, Bo and Genton, Marc G},
doi = {10.1007/978-3-642-17086-7},
editor = {Porcu, Emilio and Montero, Jos\'{e}â€“Mar\'{\i}a and Schlather, Martin},
file = {:home/ird/ERICK/THESIS/2.DOCUMENTS/2.PAPERS/2.SPATIAL\_STATISTICS/0.STATISTICS/2011\_sun\_slg-M.pdf:pdf},
isbn = {978-3-642-17085-0},
journal = {Advances and Challenges in Space-time Modelling of Natural Events},
publisher = {Springer Berlin Heidelberg},
series = {Lecture Notes in Statistics},
title = {{Geostatistics for Large Datasets}},
url = {http://link.springer.com/10.1007/978-3-642-17086-7},
volume = {207},
year = {2012}
}
@book{Diggle2007,
author = {Diggle, Peter J. and Ribeiro, Paulo Justiniano},
booktitle = {Journal of the Royal \ldots},
file = {:home/ird/Dropbox/SPATIAL STATISTICS/Model Based Geostatistics.pdf:pdf},
isbn = {0387329072},
pages = {248},
publisher = {Springer},
title = {{Model-based Geostatistics (Springer Series in Statistics)}},
url = {http://www.amazon.es/Model-based-Geostatistics-Springer-Series-Statistics/dp/0387329072},
volume = {1},
year = {2007}
}
